<marc:record>
        <marc:leader>03505cam a2200589 a 4500</marc:leader>
        <marc:controlfield tag="001">341598</marc:controlfield>
        <marc:controlfield tag="005">20130319185619.0</marc:controlfield>
        <marc:controlfield tag="008">870325s1771    enk           00010 eng d</marc:controlfield>
        <marc:datafield ind1=" " ind2=" " tag="035">
            <marc:subfield code="a">(PUVoyagerBIBID)60786</marc:subfield></marc:datafield>
        <marc:datafield ind1=" " ind2=" " tag="035">
            <marc:subfield code="a">(CStRLIN)PAUG87-B8825</marc:subfield>
        </marc:datafield>
        <marc:datafield ind1=" " ind2=" " tag="035">
            <marc:subfield code="a">(CaOTULAS)185134307</marc:subfield>
        </marc:datafield>
        <marc:datafield ind1=" " ind2=" " tag="035">
            <marc:subfield code="9">AAG9504</marc:subfield>
        </marc:datafield>
        <marc:datafield ind1=" " ind2=" " tag="035">
            <marc:subfield code="a">(MediadbVoyBIBID)341598</marc:subfield>
        </marc:datafield>
        <marc:datafield ind1=" " ind2=" " tag="035">
            <marc:subfield code="a">(END)sm_pr3736_t734_p3_1771_v1</marc:subfield>
        </marc:datafield>
        <marc:datafield ind1=" " ind2=" " tag="035">
            <marc:subfield code="a">(END)sm_pr3736_t734_p3_1771_v2</marc:subfield>
        </marc:datafield>
        <marc:datafield ind1=" " ind2=" " tag="040">
            <marc:subfield code="a">PU</marc:subfield>
            <marc:subfield code="c">PU</marc:subfield>
        </marc:datafield>
        <marc:datafield ind1=" " ind2=" " tag="090">
            <marc:subfield code="a">PR3736.T734</marc:subfield>
            <marc:subfield code="b">P3 1771</marc:subfield>
            <marc:subfield code="i">03/25/87 CT</marc:subfield>
        </marc:datafield>
        <marc:datafield ind1="1" ind2=" " tag="100">
            <marc:subfield code="a">Treyssac de Vergy, Pierre Henri,</marc:subfield>
            <marc:subfield code="d">d. 1774.</marc:subfield>
        </marc:datafield>
        <marc:datafield ind1="1" ind2="4" tag="245">
            <marc:subfield code="a">The palinode, or The triumphs of virtue over love :</marc:subfield>
            <marc:subfield code="b">a sentimental novel, in which are painted to the life the characters and manners of some of the most celebrated beauties in England /</marc:subfield>
            <marc:subfield code="c">by Mr. Treyssac de Vergy.</marc:subfield>
        </marc:datafield>
        <marc:datafield ind1=" " ind2=" " tag="246">
            <marc:subfield code="a">The palinode: or, the triumphs of virtue over love: a sentimental novel. In which are painted to the life the characters and manners of some of the most celebrated beauties in England. By Mr. Treyssac de Vergy. Vol. I.</marc:subfield>
            <marc:subfield code="d">Letter-press</marc:subfield>
            <marc:subfield code="x">Volume</marc:subfield>
            <marc:subfield code="g">Full</marc:subfield>
            <marc:subfield code="v">v.1</marc:subfield>
        </marc:datafield>
        <marc:datafield ind1=" " ind2=" " tag="246">
            <marc:subfield code="a">The palinode: or, the triumphs of virtue over love: a sentimental novel. In which are painted to the life the characters and manners of some of the most celebrated beauties in England. By Mr. Treyssac de Vergy. Vol. II.</marc:subfield>
            <marc:subfield code="d">Letter-press</marc:subfield>
            <marc:subfield code="x">Volume</marc:subfield>
            <marc:subfield code="g">Full</marc:subfield>
            <marc:subfield code="v">v.2</marc:subfield>
        </marc:datafield>
        <marc:datafield ind1=" " ind2=" " tag="246">
            <marc:subfield code="a">The palinode.</marc:subfield>
            <marc:subfield code="d">Letter-press</marc:subfield>
            <marc:subfield code="g">Half</marc:subfield>
            <marc:subfield code="x">Work</marc:subfield>
            <marc:subfield code="v">v.1</marc:subfield>
            <marc:subfield code="v">v.2</marc:subfield>
        </marc:datafield>
        <marc:datafield ind1=" " ind2=" " tag="260">
            <marc:subfield code="a">London</marc:subfield>
            <marc:subfield code="b">London: printed for G. Woodfall, Charing-Cross, and T. Evans, No. 54, Paternoster-Row.</marc:subfield>
            <marc:subfield code="v">v.1</marc:subfield>
            <marc:subfield code="v">v.2</marc:subfield>
        </marc:datafield>
        <marc:datafield ind1=" " ind2=" " tag="300">
            <marc:subfield code="a">2 v. ;</marc:subfield>
            <marc:subfield code="c">18 cm. (12mo)</marc:subfield>
            <marc:subfield code="x">Duodecimo</marc:subfield>
            <marc:subfield code="a">[2 v.]</marc:subfield>
        </marc:datafield>
        <marc:datafield ind1=" " ind2=" " tag="500">
            <marc:subfield code="a">Publication date of 1771 approximated by Van Pelt Library; not given in text</marc:subfield>
        </marc:datafield>
        <marc:datafield ind1="4" ind2=" " tag="510">
            <marc:subfield code="a">ESTC (RLIN)</marc:subfield>
            <marc:subfield code="c">N38118</marc:subfield>
        </marc:datafield>
        <marc:datafield ind1="4" ind2=" " tag="510">
            <marc:subfield code="a">Black F. G. Epistolary novel</marc:subfield>
            <marc:subfield code="c">766</marc:subfield>
        </marc:datafield>
        <marc:datafield ind1="4" ind2=" " tag="510">
            <marc:subfield code="a">English novel, 1770-1829,</marc:subfield>
            <marc:subfield code="c">1771:56</marc:subfield>
        </marc:datafield>
        <marc:datafield ind1="4" ind2=" " tag="510">
            <marc:subfield code="a">Block, A.  Engl. novel (1961 ed.),</marc:subfield>
            <marc:subfield code="c">p. 239</marc:subfield>
        </marc:datafield>
        <marc:datafield ind1=" " ind2=" " tag="520">
            <marc:subfield code="a">Dedication</marc:subfield>
            <marc:subfield code="b">To the English ladies.</marc:subfield>
            <marc:subfield code="c">Front</marc:subfield>
            <marc:subfield code="v">v.1</marc:subfield>
            <marc:subfield code="x">Full transcription: &quot;&quot;Ladies, let your sensibility be the judge of this work, and my desire of pleasing you my advocate. I am, with respect, ladies, your most humble, and devoted servant, Treyssac de Vergy.&quot;</marc:subfield>
        </marc:datafield>
        <marc:datafield ind1=" " ind2=" " tag="592">
            <marc:subfield code="a">Epistolary</marc:subfield>
            <marc:subfield code="d">A significant amount of dialogue is quoted in the letters</marc:subfield>
        </marc:datafield>
        <marc:datafield ind1=" " ind2=" " tag="599">
            <marc:subfield code="a">Author (text)</marc:subfield>
            <marc:subfield code="b">Proper name</marc:subfield>
            <marc:subfield code="2">By Mr. Teryssac de Vergy</marc:subfield>
            <marc:subfield code="3">Title Page</marc:subfield>
            <marc:subfield code="5">Male</marc:subfield>
            <marc:subfield code="6">Male</marc:subfield>
        </marc:datafield>
        <marc:datafield ind1=" " ind2=" " tag="599">
            <marc:subfield code="a">Author (paratext)</marc:subfield>
            <marc:subfield code="b">Proper name</marc:subfield>
            <marc:subfield code="2">Your most humble and devoted servant, Treyssac de Vergy</marc:subfield>
            <marc:subfield code="3">Dedication</marc:subfield>
            <marc:subfield code="5">Male</marc:subfield>
            <marc:subfield code="6">Male</marc:subfield>
        </marc:datafield>
        <marc:datafield ind1=" " ind2="4" tag="650">
            <marc:subfield code="a">CHR 1771?</marc:subfield>
        </marc:datafield>
        <marc:datafield ind1=" " ind2="4" tag="650">
            <marc:subfield code="a">PRO Mendenhall, John C. (donor)</marc:subfield>
        </marc:datafield>
        <marc:datafield ind1=" " ind2="7" tag="655">
            <marc:subfield code="a">Epistolary fiction</marc:subfield>
            <marc:subfield code="z">England</marc:subfield>
            <marc:subfield code="y">18th century.</marc:subfield>
            <marc:subfield code="2">rbgenr</marc:subfield>
        </marc:datafield>
        <marc:datafield ind1=" " ind2=" " tag="700">
            <marc:subfield code="a">Treyssac de Vergy, Pierre Henri</marc:subfield>
            <marc:subfield code="d">d. 1774</marc:subfield>
            <marc:subfield code="4">Author (text)</marc:subfield>
            <marc:subfield code="5">Authorized</marc:subfield>
        </marc:datafield>
        <marc:datafield ind1=" " ind2=" " tag="700">
            <marc:subfield code="a">Woodfall, G.</marc:subfield>
            <marc:subfield code="4">Printed for</marc:subfield>
            <marc:subfield code="5">Unauthorized</marc:subfield>
        </marc:datafield>
        <marc:datafield ind1=" " ind2=" " tag="700">
            <marc:subfield code="a">Evans, T.</marc:subfield>
            <marc:subfield code="4">Printed for</marc:subfield>
            <marc:subfield code="5">Unauthorized</marc:subfield>
        </marc:datafield>
        <marc:datafield ind1=" " ind2=" " tag="710">
            <marc:subfield code="a">T. Evans and G. Woodfall</marc:subfield>
            <marc:subfield code="4">Printed for</marc:subfield>
            <marc:subfield code="5">Unauthorized</marc:subfield>
        </marc:datafield>
        <marc:datafield ind1="2" ind2=" " tag="710">
            <marc:subfield code="a">Collection of British and American Fiction, 1660-1830 (University of Pennsylvania)</marc:subfield>
        </marc:datafield>
        <marc:datafield ind1="2" ind2=" " tag="710">
            <marc:subfield code="a">Early Novels</marc:subfield>
            <marc:subfield code="5">University of Pennsylvania</marc:subfield>
        </marc:datafield>
        <marc:datafield ind1="0" ind2=" " tag="740">
            <marc:subfield code="a">Triumphs of virtue over love.</marc:subfield>
        </marc:datafield>
        <marc:datafield ind1=" " ind2=" " tag="752">
            <marc:subfield code="a">England</marc:subfield>
            <marc:subfield code="d">London.</marc:subfield>
        </marc:datafield>
        <marc:datafield ind1="0" ind2="1" tag="852">
            <marc:subfield code="b">scsing</marc:subfield>
            <marc:subfield code="t">1</marc:subfield>
            <marc:subfield code="h">PR3736.T734</marc:subfield>
            <marc:subfield code="i">P3 1771</marc:subfield>
        </marc:datafield>
        <marc:datafield ind1="3" ind2="0" tag="866">
            <marc:subfield code="8">0</marc:subfield>
            <marc:subfield code="a">2 v.</marc:subfield>
        </marc:datafield>
        <marc:datafield ind1="3" ind2="0" tag="866">
            <marc:subfield code="8">0</marc:subfield>
            <marc:subfield code="a">(v.1-2); id=9999</marc:subfield>
        </marc:datafield>
        <marc:datafield ind1=" " ind2=" " tag="950">
            <marc:subfield code="l">RBC</marc:subfield>
            <marc:subfield code="e">\\\\Singer-\\Menden-\\hall\\</marc:subfield>
            <marc:subfield code="v">2 v.</marc:subfield>
            <marc:subfield code="i">03/25/87 C</marc:subfield>
        </marc:datafield>
        <marc:datafield ind1=" " ind2=" " tag="955">
            <marc:subfield code="l">RBC</marc:subfield>
            <marc:subfield code="c">1:(v.1-2)</marc:subfield>
            <marc:subfield code="q">50-1410</marc:subfield>
            <marc:subfield code="s">g. John C. Mendenhall</marc:subfield>
            <marc:subfield code="i">03/25/87 C</marc:subfield>
        </marc:datafield>
        <marc:datafield ind1=" " ind2=" " tag="988">
            <marc:subfield code="2">Lady</marc:subfield>
            <marc:subfield code="3">English</marc:subfield>
            <marc:subfield code="v">v.1</marc:subfield>
        </marc:datafield>
        <marc:datafield ind1=" " ind2=" " tag="989">
            <marc:subfield code="2">Palinode</marc:subfield>
            <marc:subfield code="2">Triumph</marc:subfield>
            <marc:subfield code="2">Virtue</marc:subfield>
            <marc:subfield code="2">Love</marc:subfield>
            <marc:subfield code="2">Novel</marc:subfield>
            <marc:subfield code="2">Life</marc:subfield>
            <marc:subfield code="2">Character</marc:subfield>
            <marc:subfield code="2">Manner</marc:subfield>
            <marc:subfield code="2">Beauty</marc:subfield>
            <marc:subfield code="V">olume</marc:subfield>
            <marc:subfield code="3">Sentimental</marc:subfield>
            <marc:subfield code="3">Celebrated</marc:subfield>
            <marc:subfield code="4">England</marc:subfield>
            <marc:subfield code="v">v.1</marc:subfield>
            <marc:subfield code="v">v.2</marc:subfield>
        </marc:datafield>
        <marc:datafield ind1=" " ind2=" " tag="999">
            <marc:subfield code="a">NA</marc:subfield>
            <marc:subfield code="b">5/20/11</marc:subfield>
            <marc:subfield code="c">Swarthmore College</marc:subfield>
        </marc:datafield>
    </marc:record>